%YAML 1.1
%TAG !u! tag:unity3d.com,2011:
--- !u!1 &3404541621415376421
GameObject:
  m_ObjectHideFlags: 0
  m_CorrespondingSourceObject: {fileID: 0}
  m_PrefabInstance: {fileID: 0}
  m_PrefabAsset: {fileID: 0}
  serializedVersion: 6
  m_Component:
  - component: {fileID: 3404541621415376422}
  - component: {fileID: 3404541621415376423}
  m_Layer: 0
  m_Name: Block_point (2)
  m_TagString: Untagged
  m_Icon: {fileID: 0}
  m_NavMeshLayer: 0
  m_StaticEditorFlags: 0
  m_IsActive: 1
--- !u!4 &3404541621415376422
Transform:
  m_ObjectHideFlags: 0
  m_CorrespondingSourceObject: {fileID: 0}
  m_PrefabInstance: {fileID: 0}
  m_PrefabAsset: {fileID: 0}
  m_GameObject: {fileID: 3404541621415376421}
  m_LocalRotation: {x: -0.30070576, y: -0, z: -0, w: 0.95371693}
  m_LocalPosition: {x: -0.56, y: -1.9, z: 0.329}
  m_LocalScale: {x: 0.09763681, y: 0.43473157, z: 0.37804958}
  m_Children: []
  m_Father: {fileID: 3404541622369437013}
  m_RootOrder: 3
  m_LocalEulerAnglesHint: {x: 0, y: 0, z: 0}
--- !u!65 &3404541621415376423
BoxCollider:
  m_ObjectHideFlags: 0
  m_CorrespondingSourceObject: {fileID: 0}
  m_PrefabInstance: {fileID: 0}
  m_PrefabAsset: {fileID: 0}
  m_GameObject: {fileID: 3404541621415376421}
  m_Material: {fileID: 0}
  m_IsTrigger: 0
  m_Enabled: 1
  serializedVersion: 2
  m_Size: {x: 1.05, y: 1, z: 1.06}
  m_Center: {x: 0, y: -0.06, z: 0.025155224}
--- !u!1 &3404541621466752180
GameObject:
  m_ObjectHideFlags: 0
  m_CorrespondingSourceObject: {fileID: 1406887376243990, guid: cf1e5eaecf53f924181027cea0467815,
    type: 3}
  m_PrefabInstance: {fileID: 0}
  m_PrefabAsset: {fileID: 0}
  serializedVersion: 6
  m_Component:
  - component: {fileID: 3404541621466752182}
  - component: {fileID: 3404541621466752181}
  m_Layer: 0
  m_Name: 'Block_point '
  m_TagString: Untagged
  m_Icon: {fileID: 0}
  m_NavMeshLayer: 0
  m_StaticEditorFlags: 0
  m_IsActive: 1
--- !u!4 &3404541621466752182
Transform:
  m_ObjectHideFlags: 0
  m_CorrespondingSourceObject: {fileID: 4733292655974284, guid: cf1e5eaecf53f924181027cea0467815,
    type: 3}
  m_PrefabInstance: {fileID: 0}
  m_PrefabAsset: {fileID: 0}
  m_GameObject: {fileID: 3404541621466752180}
  m_LocalRotation: {x: -0.30070576, y: -0, z: -0, w: 0.953717}
  m_LocalPosition: {x: -0.004, y: -7.7, z: 0.287}
  m_LocalScale: {x: 1.1557453, y: 0.31307453, z: 0.10327127}
  m_Children: []
  m_Father: {fileID: 3404541622369437013}
  m_RootOrder: 1
  m_LocalEulerAnglesHint: {x: 0, y: 0, z: 0}
--- !u!65 &3404541621466752181
BoxCollider:
  m_ObjectHideFlags: 0
  m_CorrespondingSourceObject: {fileID: 65117026544804348, guid: cf1e5eaecf53f924181027cea0467815,
    type: 3}
  m_PrefabInstance: {fileID: 0}
  m_PrefabAsset: {fileID: 0}
  m_GameObject: {fileID: 3404541621466752180}
  m_Material: {fileID: 0}
  m_IsTrigger: 0
  m_Enabled: 1
  serializedVersion: 2
  m_Size: {x: 1.05, y: 1, z: 1.06}
  m_Center: {x: 0, y: -0.06, z: 0.025155224}
--- !u!1 &3404541621657887622
GameObject:
  m_ObjectHideFlags: 0
  m_CorrespondingSourceObject: {fileID: 0}
  m_PrefabInstance: {fileID: 0}
  m_PrefabAsset: {fileID: 0}
  serializedVersion: 6
  m_Component:
  - component: {fileID: 3404541621657887623}
  - component: {fileID: 3404541621657887616}
  m_Layer: 0
  m_Name: Block_point (3)
  m_TagString: Untagged
  m_Icon: {fileID: 0}
  m_NavMeshLayer: 0
  m_StaticEditorFlags: 0
  m_IsActive: 1
--- !u!4 &3404541621657887623
Transform:
  m_ObjectHideFlags: 0
  m_CorrespondingSourceObject: {fileID: 0}
  m_PrefabInstance: {fileID: 0}
  m_PrefabAsset: {fileID: 0}
  m_GameObject: {fileID: 3404541621657887622}
  m_LocalRotation: {x: -0.30070576, y: -0, z: -0, w: 0.953717}
  m_LocalPosition: {x: -0.004, y: -8.3, z: 0.229}
  m_LocalScale: {x: 1.1557453, y: 0.45934296, z: 0.030361753}
  m_Children: []
  m_Father: {fileID: 3404541622369437013}
  m_RootOrder: 4
  m_LocalEulerAnglesHint: {x: 0, y: 0, z: 0}
--- !u!65 &3404541621657887616
BoxCollider:
  m_ObjectHideFlags: 0
  m_CorrespondingSourceObject: {fileID: 0}
  m_PrefabInstance: {fileID: 0}
  m_PrefabAsset: {fileID: 0}
  m_GameObject: {fileID: 3404541621657887622}
  m_Material: {fileID: 0}
  m_IsTrigger: 0
  m_Enabled: 1
  serializedVersion: 2
  m_Size: {x: 1.05, y: 1, z: 1.06}
  m_Center: {x: 0, y: -0.06, z: 0.025155224}
--- !u!1 &3404541622225514401
GameObject:
  m_ObjectHideFlags: 0
  m_CorrespondingSourceObject: {fileID: 1767039032282856, guid: cf1e5eaecf53f924181027cea0467815,
    type: 3}
  m_PrefabInstance: {fileID: 0}
  m_PrefabAsset: {fileID: 0}
  serializedVersion: 6
  m_Component:
  - component: {fileID: 3404541622225514402}
  m_Layer: 0
  m_Name: Endpoint
  m_TagString: Untagged
  m_Icon: {fileID: 0}
  m_NavMeshLayer: 0
  m_StaticEditorFlags: 0
  m_IsActive: 1
--- !u!4 &3404541622225514402
Transform:
  m_ObjectHideFlags: 0
  m_CorrespondingSourceObject: {fileID: 4949644182823690, guid: cf1e5eaecf53f924181027cea0467815,
    type: 3}
  m_PrefabInstance: {fileID: 0}
  m_PrefabAsset: {fileID: 0}
  m_GameObject: {fileID: 3404541622225514401}
  m_LocalRotation: {x: -0, y: -0, z: -0, w: 1}
  m_LocalPosition: {x: -0.034, y: 5.4, z: 0.602}
  m_LocalScale: {x: 0.27027023, y: 2.5000002, z: 0.053191487}
  m_Children: []
  m_Father: {fileID: 3404541622369437013}
  m_RootOrder: 0
  m_LocalEulerAnglesHint: {x: 0, y: 0, z: 0}
--- !u!1 &3404541622369437023
GameObject:
  m_ObjectHideFlags: 0
  m_CorrespondingSourceObject: {fileID: 1216185397625256, guid: cf1e5eaecf53f924181027cea0467815,
    type: 3}
  m_PrefabInstance: {fileID: 0}
  m_PrefabAsset: {fileID: 0}
  serializedVersion: 6
  m_Component:
  - component: {fileID: 3404541622369437013}
  - component: {fileID: 3404541622369437012}
  - component: {fileID: 3404541622369437019}
  - component: {fileID: 3404541622369437018}
  - component: {fileID: 3404541622369437017}
  - component: {fileID: 3404541622369437016}
  m_Layer: 0
  m_Name: Slide
  m_TagString: Untagged
  m_Icon: {fileID: 0}
  m_NavMeshLayer: 0
  m_StaticEditorFlags: 0
  m_IsActive: 1
--- !u!4 &3404541622369437013
Transform:
  m_ObjectHideFlags: 0
  m_CorrespondingSourceObject: {fileID: 4317075214929374, guid: cf1e5eaecf53f924181027cea0467815,
    type: 3}
  m_PrefabInstance: {fileID: 0}
  m_PrefabAsset: {fileID: 0}
  m_GameObject: {fileID: 3404541622369437023}
  m_LocalRotation: {x: 0.21263108, y: 0.67437977, z: -0.21263108, w: 0.67437977}
  m_LocalPosition: {x: 3.82, y: 2.16, z: 6.08}
  m_LocalScale: {x: 1.6753528, y: 0.066432975, z: 6.473434}
  m_Children:
  - {fileID: 3404541622225514402}
  - {fileID: 3404541621466752182}
  - {fileID: 3404541622994101170}
  - {fileID: 3404541621415376422}
  - {fileID: 3404541621657887623}
  m_Father: {fileID: 0}
  m_RootOrder: 0
  m_LocalEulerAnglesHint: {x: 35, y: 90, z: 0}
--- !u!33 &3404541622369437012
MeshFilter:
  m_ObjectHideFlags: 0
  m_CorrespondingSourceObject: {fileID: 33474703304809104, guid: cf1e5eaecf53f924181027cea0467815,
    type: 3}
  m_PrefabInstance: {fileID: 0}
  m_PrefabAsset: {fileID: 0}
  m_GameObject: {fileID: 3404541622369437023}
  m_Mesh: {fileID: 10202, guid: 0000000000000000e000000000000000, type: 0}
--- !u!23 &3404541622369437019
MeshRenderer:
  m_ObjectHideFlags: 0
  m_CorrespondingSourceObject: {fileID: 23841182780756868, guid: cf1e5eaecf53f924181027cea0467815,
    type: 3}
  m_PrefabInstance: {fileID: 0}
  m_PrefabAsset: {fileID: 0}
  m_GameObject: {fileID: 3404541622369437023}
  m_Enabled: 1
  m_CastShadows: 1
  m_ReceiveShadows: 1
  m_DynamicOccludee: 1
  m_MotionVectors: 1
  m_LightProbeUsage: 1
  m_ReflectionProbeUsage: 1
  m_RenderingLayerMask: 4294967295
  m_RendererPriority: 0
  m_Materials:
  - {fileID: 10303, guid: 0000000000000000f000000000000000, type: 0}
  m_StaticBatchInfo:
    firstSubMesh: 0
    subMeshCount: 0
  m_StaticBatchRoot: {fileID: 0}
  m_ProbeAnchor: {fileID: 0}
  m_LightProbeVolumeOverride: {fileID: 0}
  m_ScaleInLightmap: 1
  m_PreserveUVs: 0
  m_IgnoreNormalsForChartDetection: 0
  m_ImportantGI: 0
  m_StitchLightmapSeams: 0
  m_SelectedEditorRenderState: 3
  m_MinimumChartSize: 4
  m_AutoUVMaxDistance: 0.5
  m_AutoUVMaxAngle: 89
  m_LightmapParameters: {fileID: 0}
  m_SortingLayerID: 0
  m_SortingLayer: 0
  m_SortingOrder: 0
--- !u!65 &3404541622369437018
BoxCollider:
  m_ObjectHideFlags: 0
  m_CorrespondingSourceObject: {fileID: 65284045548746002, guid: cf1e5eaecf53f924181027cea0467815,
    type: 3}
  m_PrefabInstance: {fileID: 0}
  m_PrefabAsset: {fileID: 0}
  m_GameObject: {fileID: 3404541622369437023}
  m_Material: {fileID: 0}
  m_IsTrigger: 0
  m_Enabled: 1
  serializedVersion: 2
  m_Size: {x: 1, y: 1, z: 1}
  m_Center: {x: 0, y: 0, z: 0}
--- !u!65 &3404541622369437017
BoxCollider:
  m_ObjectHideFlags: 0
  m_CorrespondingSourceObject: {fileID: 65170644966570704, guid: cf1e5eaecf53f924181027cea0467815,
    type: 3}
  m_PrefabInstance: {fileID: 0}
  m_PrefabAsset: {fileID: 0}
  m_GameObject: {fileID: 3404541622369437023}
  m_Material: {fileID: 0}
  m_IsTrigger: 1
  m_Enabled: 1
  serializedVersion: 2
  m_Size: {x: 1, y: 0.9999997, z: 1.0089126}
  m_Center: {x: -5.368334e-17, y: 0.6000003, z: 0.004456337}
--- !u!114 &3404541622369437016
MonoBehaviour:
  m_ObjectHideFlags: 0
  m_CorrespondingSourceObject: {fileID: 114003726312454926, guid: cf1e5eaecf53f924181027cea0467815,
    type: 3}
  m_PrefabInstance: {fileID: 0}
  m_PrefabAsset: {fileID: 0}
  m_GameObject: {fileID: 3404541622369437023}
  m_Enabled: 1
  m_EditorHideFlags: 0
  m_Script: {fileID: 11500000, guid: d5c4ddaeee853d14886089eab09666d1, type: 3}
  m_Name: 
  m_EditorClassIdentifier: 
  endpoint: {fileID: 3404541622225514402}
  speed: 5
--- !u!1 &3404541622994101169
GameObject:
  m_ObjectHideFlags: 0
  m_CorrespondingSourceObject: {fileID: 0}
  m_PrefabInstance: {fileID: 0}
  m_PrefabAsset: {fileID: 0}
  serializedVersion: 6
  m_Component:
  - component: {fileID: 3404541622994101170}
  - component: {fileID: 3404541622994101171}
  m_Layer: 0
  m_Name: Block_point (1)
  m_TagString: Untagged
  m_Icon: {fileID: 0}
  m_NavMeshLayer: 0
  m_StaticEditorFlags: 0
  m_IsActive: 1
--- !u!4 &3404541622994101170
Transform:
  m_ObjectHideFlags: 0
  m_CorrespondingSourceObject: {fileID: 0}
  m_PrefabInstance: {fileID: 0}
  m_PrefabAsset: {fileID: 0}
  m_GameObject: {fileID: 3404541622994101169}
  m_LocalRotation: {x: -0.30070576, y: -0, z: -0, w: 0.95371693}
  m_LocalPosition: {x: 0.56, y: -1.9, z: 0.329}
  m_LocalScale: {x: 0.09753464, y: 0.43473157, z: 0.37804958}
  m_Children: []
  m_Father: {fileID: 3404541622369437013}
  m_RootOrder: 2
  m_LocalEulerAnglesHint: {x: 0, y: 0, z: 0}
--- !u!65 &3404541622994101171
BoxCollider:
  m_ObjectHideFlags: 0
  m_CorrespondingSourceObject: {fileID: 0}
  m_PrefabInstance: {fileID: 0}
  m_PrefabAsset: {fileID: 0}
  m_GameObject: {fileID: 3404541622994101169}
  m_Material: {fileID: 0}
  m_IsTrigger: 0
  m_Enabled: 1
  serializedVersion: 2
  m_Size: {x: 1.05, y: 1, z: 1.06}
  m_Center: {x: 0, y: -0.06, z: 0.025155224}
