%YAML 1.1
%TAG !u! tag:unity3d.com,2011:
--- !u!29 &1
OcclusionCullingSettings:
  m_ObjectHideFlags: 0
  serializedVersion: 2
  m_OcclusionBakeSettings:
    smallestOccluder: 5
    smallestHole: 0.25
    backfaceThreshold: 100
  m_SceneGUID: 00000000000000000000000000000000
  m_OcclusionCullingData: {fileID: 0}
--- !u!104 &2
RenderSettings:
  m_ObjectHideFlags: 0
  serializedVersion: 9
  m_Fog: 0
  m_FogColor: {r: 0.5, g: 0.5, b: 0.5, a: 1}
  m_FogMode: 3
  m_FogDensity: 0.01
  m_LinearFogStart: 0
  m_LinearFogEnd: 300
  m_AmbientSkyColor: {r: 0.212, g: 0.227, b: 0.259, a: 1}
  m_AmbientEquatorColor: {r: 0.114, g: 0.125, b: 0.133, a: 1}
  m_AmbientGroundColor: {r: 0.047, g: 0.043, b: 0.035, a: 1}
  m_AmbientIntensity: 1
  m_AmbientMode: 0
  m_SubtractiveShadowColor: {r: 0.42, g: 0.478, b: 0.627, a: 1}
  m_SkyboxMaterial: {fileID: 10304, guid: 0000000000000000f000000000000000, type: 0}
  m_HaloStrength: 0.5
  m_FlareStrength: 1
  m_FlareFadeSpeed: 3
  m_HaloTexture: {fileID: 0}
  m_SpotCookie: {fileID: 10001, guid: 0000000000000000e000000000000000, type: 0}
  m_DefaultReflectionMode: 0
  m_DefaultReflectionResolution: 128
  m_ReflectionBounces: 1
  m_ReflectionIntensity: 1
  m_CustomReflection: {fileID: 0}
  m_Sun: {fileID: 0}
  m_IndirectSpecularColor: {r: 0.44657826, g: 0.49641263, b: 0.57481676, a: 1}
  m_UseRadianceAmbientProbe: 0
--- !u!157 &3
LightmapSettings:
  m_ObjectHideFlags: 0
  serializedVersion: 11
  m_GIWorkflowMode: 0
  m_GISettings:
    serializedVersion: 2
    m_BounceScale: 1
    m_IndirectOutputScale: 1
    m_AlbedoBoost: 1
    m_EnvironmentLightingMode: 0
    m_EnableBakedLightmaps: 1
    m_EnableRealtimeLightmaps: 1
  m_LightmapEditorSettings:
    serializedVersion: 10
    m_Resolution: 2
    m_BakeResolution: 40
    m_AtlasSize: 1024
    m_AO: 0
    m_AOMaxDistance: 1
    m_CompAOExponent: 1
    m_CompAOExponentDirect: 0
    m_Padding: 2
    m_LightmapParameters: {fileID: 0}
    m_LightmapsBakeMode: 1
    m_TextureCompression: 1
    m_FinalGather: 0
    m_FinalGatherFiltering: 1
    m_FinalGatherRayCount: 256
    m_ReflectionCompression: 2
    m_MixedBakeMode: 2
    m_BakeBackend: 1
    m_PVRSampling: 1
    m_PVRDirectSampleCount: 32
    m_PVRSampleCount: 500
    m_PVRBounces: 2
    m_PVRFilterTypeDirect: 0
    m_PVRFilterTypeIndirect: 0
    m_PVRFilterTypeAO: 0
    m_PVRFilteringMode: 1
    m_PVRCulling: 1
    m_PVRFilteringGaussRadiusDirect: 1
    m_PVRFilteringGaussRadiusIndirect: 5
    m_PVRFilteringGaussRadiusAO: 2
    m_PVRFilteringAtrousPositionSigmaDirect: 0.5
    m_PVRFilteringAtrousPositionSigmaIndirect: 2
    m_PVRFilteringAtrousPositionSigmaAO: 1
    m_ShowResolutionOverlay: 1
  m_LightingDataAsset: {fileID: 0}
  m_UseShadowmask: 1
--- !u!196 &4
NavMeshSettings:
  serializedVersion: 2
  m_ObjectHideFlags: 0
  m_BuildSettings:
    serializedVersion: 2
    agentTypeID: 0
    agentRadius: 0.5
    agentHeight: 2
    agentSlope: 45
    agentClimb: 0.4
    ledgeDropHeight: 0
    maxJumpAcrossDistance: 0
    minRegionArea: 2
    manualCellSize: 0
    cellSize: 0.16666667
    manualTileSize: 0
    tileSize: 256
    accuratePlacement: 0
    debug:
      m_Flags: 0
  m_NavMeshData: {fileID: 0}
--- !u!1001 &400309296
PrefabInstance:
  m_ObjectHideFlags: 0
  serializedVersion: 2
  m_Modification:
    m_TransformParent: {fileID: 1638007554}
    m_Modifications:
    - target: {fileID: 1814736169453246, guid: 0cc6f11f9bb0c124c88e4b07825ef4a4, type: 3}
      propertyPath: m_Name
      value: InvisibleWall1
      objectReference: {fileID: 0}
    - target: {fileID: 4899764185412724, guid: 0cc6f11f9bb0c124c88e4b07825ef4a4, type: 3}
      propertyPath: m_LocalPosition.x
      value: -5.8741407
      objectReference: {fileID: 0}
    - target: {fileID: 4899764185412724, guid: 0cc6f11f9bb0c124c88e4b07825ef4a4, type: 3}
      propertyPath: m_LocalPosition.y
      value: 2.2713134
      objectReference: {fileID: 0}
    - target: {fileID: 4899764185412724, guid: 0cc6f11f9bb0c124c88e4b07825ef4a4, type: 3}
      propertyPath: m_LocalPosition.z
      value: 7.247578
      objectReference: {fileID: 0}
    - target: {fileID: 4899764185412724, guid: 0cc6f11f9bb0c124c88e4b07825ef4a4, type: 3}
      propertyPath: m_LocalRotation.x
      value: 0.50000006
      objectReference: {fileID: 0}
    - target: {fileID: 4899764185412724, guid: 0cc6f11f9bb0c124c88e4b07825ef4a4, type: 3}
      propertyPath: m_LocalRotation.y
      value: 0.50000006
      objectReference: {fileID: 0}
    - target: {fileID: 4899764185412724, guid: 0cc6f11f9bb0c124c88e4b07825ef4a4, type: 3}
      propertyPath: m_LocalRotation.z
      value: -0.5
      objectReference: {fileID: 0}
    - target: {fileID: 4899764185412724, guid: 0cc6f11f9bb0c124c88e4b07825ef4a4, type: 3}
      propertyPath: m_LocalRotation.w
      value: 0.5
      objectReference: {fileID: 0}
    - target: {fileID: 4899764185412724, guid: 0cc6f11f9bb0c124c88e4b07825ef4a4, type: 3}
      propertyPath: m_RootOrder
      value: 0
      objectReference: {fileID: 0}
    - target: {fileID: 4899764185412724, guid: 0cc6f11f9bb0c124c88e4b07825ef4a4, type: 3}
      propertyPath: m_LocalScale.x
      value: 2
      objectReference: {fileID: 0}
    - target: {fileID: 4899764185412724, guid: 0cc6f11f9bb0c124c88e4b07825ef4a4, type: 3}
      propertyPath: m_LocalScale.z
      value: 1
      objectReference: {fileID: 0}
    - target: {fileID: 4899764185412724, guid: 0cc6f11f9bb0c124c88e4b07825ef4a4, type: 3}
      propertyPath: m_LocalScale.y
      value: 2.149901
      objectReference: {fileID: 0}
    m_RemovedComponents: []
  m_SourcePrefab: {fileID: 100100000, guid: 0cc6f11f9bb0c124c88e4b07825ef4a4, type: 3}
--- !u!4 &400309297 stripped
Transform:
  m_CorrespondingSourceObject: {fileID: 4899764185412724, guid: 0cc6f11f9bb0c124c88e4b07825ef4a4,
    type: 3}
  m_PrefabInstance: {fileID: 400309296}
  m_PrefabAsset: {fileID: 0}
--- !u!4 &418085160 stripped
Transform:
  m_CorrespondingSourceObject: {fileID: 4394229237989364, guid: ddaaf696728b08340b08f3511d406c11,
    type: 3}
  m_PrefabInstance: {fileID: 1078757012}
  m_PrefabAsset: {fileID: 0}
--- !u!1001 &432401818
PrefabInstance:
  m_ObjectHideFlags: 0
  serializedVersion: 2
  m_Modification:
    m_TransformParent: {fileID: 810561267}
    m_Modifications:
    - target: {fileID: 100000, guid: e63e0a6bee54b9a4b839e12c106415d2, type: 3}
      propertyPath: m_Layer
      value: 0
      objectReference: {fileID: 0}
    - target: {fileID: 100000, guid: e63e0a6bee54b9a4b839e12c106415d2, type: 3}
      propertyPath: m_Name
      value: Terrain_8x8 (2)
      objectReference: {fileID: 0}
    - target: {fileID: 400000, guid: e63e0a6bee54b9a4b839e12c106415d2, type: 3}
      propertyPath: m_LocalPosition.x
      value: 7.205859
      objectReference: {fileID: 0}
    - target: {fileID: 400000, guid: e63e0a6bee54b9a4b839e12c106415d2, type: 3}
      propertyPath: m_LocalPosition.y
      value: -1.5286865
      objectReference: {fileID: 0}
    - target: {fileID: 400000, guid: e63e0a6bee54b9a4b839e12c106415d2, type: 3}
      propertyPath: m_LocalPosition.z
      value: 2.7595778
      objectReference: {fileID: 0}
    - target: {fileID: 400000, guid: e63e0a6bee54b9a4b839e12c106415d2, type: 3}
      propertyPath: m_LocalRotation.x
      value: 0.7071068
      objectReference: {fileID: 0}
    - target: {fileID: 400000, guid: e63e0a6bee54b9a4b839e12c106415d2, type: 3}
      propertyPath: m_LocalRotation.y
      value: -0
      objectReference: {fileID: 0}
    - target: {fileID: 400000, guid: e63e0a6bee54b9a4b839e12c106415d2, type: 3}
      propertyPath: m_LocalRotation.z
      value: -0
      objectReference: {fileID: 0}
    - target: {fileID: 400000, guid: e63e0a6bee54b9a4b839e12c106415d2, type: 3}
      propertyPath: m_LocalRotation.w
      value: -0.7071068
      objectReference: {fileID: 0}
    - target: {fileID: 400000, guid: e63e0a6bee54b9a4b839e12c106415d2, type: 3}
      propertyPath: m_RootOrder
      value: 4
      objectReference: {fileID: 0}
    - target: {fileID: 400000, guid: e63e0a6bee54b9a4b839e12c106415d2, type: 3}
      propertyPath: m_LocalEulerAnglesHint.y
      value: 0
      objectReference: {fileID: 0}
    - target: {fileID: 400000, guid: e63e0a6bee54b9a4b839e12c106415d2, type: 3}
      propertyPath: m_LocalEulerAnglesHint.x
      value: 270
      objectReference: {fileID: 0}
    - target: {fileID: 400000, guid: e63e0a6bee54b9a4b839e12c106415d2, type: 3}
      propertyPath: m_LocalScale.y
      value: 1
      objectReference: {fileID: 0}
    - target: {fileID: 400000, guid: e63e0a6bee54b9a4b839e12c106415d2, type: 3}
      propertyPath: m_LocalScale.z
      value: 1
      objectReference: {fileID: 0}
    - target: {fileID: 2300000, guid: e63e0a6bee54b9a4b839e12c106415d2, type: 3}
      propertyPath: m_Materials.Array.data[0]
      value: 
      objectReference: {fileID: 15303, guid: 0000000000000000f000000000000000, type: 0}
    m_RemovedComponents: []
  m_SourcePrefab: {fileID: 100100000, guid: e63e0a6bee54b9a4b839e12c106415d2, type: 3}
--- !u!1 &432401819 stripped
GameObject:
  m_CorrespondingSourceObject: {fileID: 100000, guid: e63e0a6bee54b9a4b839e12c106415d2,
    type: 3}
  m_PrefabInstance: {fileID: 432401818}
  m_PrefabAsset: {fileID: 0}
--- !u!65 &432401820
BoxCollider:
  m_ObjectHideFlags: 0
  m_CorrespondingSourceObject: {fileID: 0}
  m_PrefabInstance: {fileID: 0}
  m_PrefabAsset: {fileID: 0}
  m_GameObject: {fileID: 432401819}
  m_Material: {fileID: 0}
  m_IsTrigger: 0
  m_Enabled: 1
  serializedVersion: 2
  m_Size: {x: 9.6, y: 9.600002, z: 1}
  m_Center: {x: 0, y: 0, z: -0.48}
--- !u!4 &432401821 stripped
Transform:
  m_CorrespondingSourceObject: {fileID: 400000, guid: e63e0a6bee54b9a4b839e12c106415d2,
    type: 3}
  m_PrefabInstance: {fileID: 432401818}
  m_PrefabAsset: {fileID: 0}
--- !u!1 &545838291
GameObject:
  m_ObjectHideFlags: 0
  m_CorrespondingSourceObject: {fileID: 0}
  m_PrefabInstance: {fileID: 0}
  m_PrefabAsset: {fileID: 0}
  serializedVersion: 6
  m_Component:
  - component: {fileID: 545838292}
  m_Layer: 0
  m_Name: External_Decorative_Elements
  m_TagString: Untagged
  m_Icon: {fileID: 0}
  m_NavMeshLayer: 0
  m_StaticEditorFlags: 0
  m_IsActive: 1
--- !u!4 &545838292
Transform:
  m_ObjectHideFlags: 0
  m_CorrespondingSourceObject: {fileID: 0}
  m_PrefabInstance: {fileID: 0}
  m_PrefabAsset: {fileID: 0}
  m_GameObject: {fileID: 545838291}
  m_LocalRotation: {x: 0, y: 0, z: 0, w: 1}
  m_LocalPosition: {x: 5.1176667, y: 0.78368366, z: -10.995945}
  m_LocalScale: {x: 1, y: 1, z: 1}
  m_Children: []
  m_Father: {fileID: 0}
  m_RootOrder: 7
  m_LocalEulerAnglesHint: {x: 0, y: 0, z: 0}
--- !u!1001 &555246036
PrefabInstance:
  m_ObjectHideFlags: 0
  serializedVersion: 2
  m_Modification:
    m_TransformParent: {fileID: 705744047}
    m_Modifications:
    - target: {fileID: 1597309035688912, guid: b47a08a4618716b4284f205405f7b5a3, type: 3}
      propertyPath: m_IsActive
      value: 0
      objectReference: {fileID: 0}
    - target: {fileID: 224521277279672740, guid: b47a08a4618716b4284f205405f7b5a3,
        type: 3}
      propertyPath: m_LocalPosition.z
      value: 0
      objectReference: {fileID: 0}
    - target: {fileID: 4393631621017376, guid: b47a08a4618716b4284f205405f7b5a3, type: 3}
      propertyPath: m_LocalPosition.x
      value: 5.764678
      objectReference: {fileID: 0}
    - target: {fileID: 4393631621017376, guid: b47a08a4618716b4284f205405f7b5a3, type: 3}
      propertyPath: m_LocalPosition.y
      value: 3.09875
      objectReference: {fileID: 0}
    - target: {fileID: 4393631621017376, guid: b47a08a4618716b4284f205405f7b5a3, type: 3}
      propertyPath: m_LocalPosition.z
      value: -0.7457175
      objectReference: {fileID: 0}
    - target: {fileID: 4393631621017376, guid: b47a08a4618716b4284f205405f7b5a3, type: 3}
      propertyPath: m_LocalRotation.x
      value: -0
      objectReference: {fileID: 0}
    - target: {fileID: 4393631621017376, guid: b47a08a4618716b4284f205405f7b5a3, type: 3}
      propertyPath: m_LocalRotation.y
      value: -0
      objectReference: {fileID: 0}
    - target: {fileID: 4393631621017376, guid: b47a08a4618716b4284f205405f7b5a3, type: 3}
      propertyPath: m_LocalRotation.z
      value: -0
      objectReference: {fileID: 0}
    - target: {fileID: 4393631621017376, guid: b47a08a4618716b4284f205405f7b5a3, type: 3}
      propertyPath: m_LocalRotation.w
      value: 1
      objectReference: {fileID: 0}
    - target: {fileID: 4393631621017376, guid: b47a08a4618716b4284f205405f7b5a3, type: 3}
      propertyPath: m_RootOrder
      value: 5
      objectReference: {fileID: 0}
    m_RemovedComponents: []
  m_SourcePrefab: {fileID: 100100000, guid: b47a08a4618716b4284f205405f7b5a3, type: 3}
--- !u!4 &555246037 stripped
Transform:
  m_CorrespondingSourceObject: {fileID: 4393631621017376, guid: b47a08a4618716b4284f205405f7b5a3,
    type: 3}
  m_PrefabInstance: {fileID: 555246036}
  m_PrefabAsset: {fileID: 0}
--- !u!1001 &565759729
PrefabInstance:
  m_ObjectHideFlags: 0
  serializedVersion: 2
  m_Modification:
    m_TransformParent: {fileID: 705744047}
    m_Modifications:
    - target: {fileID: 1814736169453246, guid: 0cc6f11f9bb0c124c88e4b07825ef4a4, type: 3}
      propertyPath: m_Name
      value: InvisibleWallAboveDoor
      objectReference: {fileID: 0}
    - target: {fileID: 4899764185412724, guid: 0cc6f11f9bb0c124c88e4b07825ef4a4, type: 3}
      propertyPath: m_LocalPosition.x
      value: -0.54
      objectReference: {fileID: 0}
    - target: {fileID: 4899764185412724, guid: 0cc6f11f9bb0c124c88e4b07825ef4a4, type: 3}
      propertyPath: m_LocalPosition.y
      value: 5.67
      objectReference: {fileID: 0}
    - target: {fileID: 4899764185412724, guid: 0cc6f11f9bb0c124c88e4b07825ef4a4, type: 3}
      propertyPath: m_LocalPosition.z
      value: 0.78
      objectReference: {fileID: 0}
    - target: {fileID: 4899764185412724, guid: 0cc6f11f9bb0c124c88e4b07825ef4a4, type: 3}
      propertyPath: m_LocalRotation.x
      value: 0.7071068
      objectReference: {fileID: 0}
    - target: {fileID: 4899764185412724, guid: 0cc6f11f9bb0c124c88e4b07825ef4a4, type: 3}
      propertyPath: m_LocalRotation.y
      value: 0.00000002980233
      objectReference: {fileID: 0}
    - target: {fileID: 4899764185412724, guid: 0cc6f11f9bb0c124c88e4b07825ef4a4, type: 3}
      propertyPath: m_LocalRotation.z
      value: 0.00000002980233
      objectReference: {fileID: 0}
    - target: {fileID: 4899764185412724, guid: 0cc6f11f9bb0c124c88e4b07825ef4a4, type: 3}
      propertyPath: m_LocalRotation.w
      value: 0.7071068
      objectReference: {fileID: 0}
    - target: {fileID: 4899764185412724, guid: 0cc6f11f9bb0c124c88e4b07825ef4a4, type: 3}
      propertyPath: m_RootOrder
      value: 2
      objectReference: {fileID: 0}
    - target: {fileID: 4899764185412724, guid: 0cc6f11f9bb0c124c88e4b07825ef4a4, type: 3}
      propertyPath: m_LocalScale.x
      value: 2
      objectReference: {fileID: 0}
    - target: {fileID: 4899764185412724, guid: 0cc6f11f9bb0c124c88e4b07825ef4a4, type: 3}
      propertyPath: m_LocalScale.z
      value: 1.0350405
      objectReference: {fileID: 0}
    - target: {fileID: 4899764185412724, guid: 0cc6f11f9bb0c124c88e4b07825ef4a4, type: 3}
      propertyPath: m_LocalEulerAnglesHint.y
      value: 270
      objectReference: {fileID: 0}
    - target: {fileID: 4899764185412724, guid: 0cc6f11f9bb0c124c88e4b07825ef4a4, type: 3}
      propertyPath: m_LocalScale.y
      value: 5
      objectReference: {fileID: 0}
    m_RemovedComponents: []
  m_SourcePrefab: {fileID: 100100000, guid: 0cc6f11f9bb0c124c88e4b07825ef4a4, type: 3}
--- !u!4 &565759730 stripped
Transform:
  m_CorrespondingSourceObject: {fileID: 4899764185412724, guid: 0cc6f11f9bb0c124c88e4b07825ef4a4,
    type: 3}
  m_PrefabInstance: {fileID: 565759729}
  m_PrefabAsset: {fileID: 0}
--- !u!1001 &574609414
PrefabInstance:
  m_ObjectHideFlags: 0
  serializedVersion: 2
  m_Modification:
    m_TransformParent: {fileID: 0}
    m_Modifications:
    - target: {fileID: 1123697705260010, guid: 9982b1a249d7f184e80b55ce8c6a127c, type: 3}
      propertyPath: m_Name
      value: InGameMenu
      objectReference: {fileID: 0}
    - target: {fileID: 224398960782878844, guid: 9982b1a249d7f184e80b55ce8c6a127c,
        type: 3}
      propertyPath: m_LocalPosition.x
      value: 0
      objectReference: {fileID: 0}
    - target: {fileID: 224398960782878844, guid: 9982b1a249d7f184e80b55ce8c6a127c,
        type: 3}
      propertyPath: m_LocalPosition.y
      value: 0
      objectReference: {fileID: 0}
    - target: {fileID: 224398960782878844, guid: 9982b1a249d7f184e80b55ce8c6a127c,
        type: 3}
      propertyPath: m_LocalPosition.z
      value: 0
      objectReference: {fileID: 0}
    - target: {fileID: 224398960782878844, guid: 9982b1a249d7f184e80b55ce8c6a127c,
        type: 3}
      propertyPath: m_LocalRotation.x
      value: 0
      objectReference: {fileID: 0}
    - target: {fileID: 224398960782878844, guid: 9982b1a249d7f184e80b55ce8c6a127c,
        type: 3}
      propertyPath: m_LocalRotation.y
      value: 0
      objectReference: {fileID: 0}
    - target: {fileID: 224398960782878844, guid: 9982b1a249d7f184e80b55ce8c6a127c,
        type: 3}
      propertyPath: m_LocalRotation.z
      value: 0
      objectReference: {fileID: 0}
    - target: {fileID: 224398960782878844, guid: 9982b1a249d7f184e80b55ce8c6a127c,
        type: 3}
      propertyPath: m_LocalRotation.w
      value: 1
      objectReference: {fileID: 0}
    - target: {fileID: 224398960782878844, guid: 9982b1a249d7f184e80b55ce8c6a127c,
        type: 3}
      propertyPath: m_RootOrder
      value: 9
      objectReference: {fileID: 0}
    - target: {fileID: 224398960782878844, guid: 9982b1a249d7f184e80b55ce8c6a127c,
        type: 3}
      propertyPath: m_LocalEulerAnglesHint.x
      value: 0
      objectReference: {fileID: 0}
    - target: {fileID: 224398960782878844, guid: 9982b1a249d7f184e80b55ce8c6a127c,
        type: 3}
      propertyPath: m_LocalEulerAnglesHint.y
      value: 0
      objectReference: {fileID: 0}
    - target: {fileID: 224398960782878844, guid: 9982b1a249d7f184e80b55ce8c6a127c,
        type: 3}
      propertyPath: m_LocalEulerAnglesHint.z
      value: 0
      objectReference: {fileID: 0}
    - target: {fileID: 224398960782878844, guid: 9982b1a249d7f184e80b55ce8c6a127c,
        type: 3}
      propertyPath: m_AnchoredPosition.x
      value: 0
      objectReference: {fileID: 0}
    - target: {fileID: 224398960782878844, guid: 9982b1a249d7f184e80b55ce8c6a127c,
        type: 3}
      propertyPath: m_AnchoredPosition.y
      value: 0
      objectReference: {fileID: 0}
    - target: {fileID: 224398960782878844, guid: 9982b1a249d7f184e80b55ce8c6a127c,
        type: 3}
      propertyPath: m_SizeDelta.x
      value: 0
      objectReference: {fileID: 0}
    - target: {fileID: 224398960782878844, guid: 9982b1a249d7f184e80b55ce8c6a127c,
        type: 3}
      propertyPath: m_SizeDelta.y
      value: 0
      objectReference: {fileID: 0}
    - target: {fileID: 224398960782878844, guid: 9982b1a249d7f184e80b55ce8c6a127c,
        type: 3}
      propertyPath: m_AnchorMin.x
      value: 0
      objectReference: {fileID: 0}
    - target: {fileID: 224398960782878844, guid: 9982b1a249d7f184e80b55ce8c6a127c,
        type: 3}
      propertyPath: m_AnchorMin.y
      value: 0
      objectReference: {fileID: 0}
    - target: {fileID: 224398960782878844, guid: 9982b1a249d7f184e80b55ce8c6a127c,
        type: 3}
      propertyPath: m_AnchorMax.x
      value: 0
      objectReference: {fileID: 0}
    - target: {fileID: 224398960782878844, guid: 9982b1a249d7f184e80b55ce8c6a127c,
        type: 3}
      propertyPath: m_AnchorMax.y
      value: 0
      objectReference: {fileID: 0}
    - target: {fileID: 224398960782878844, guid: 9982b1a249d7f184e80b55ce8c6a127c,
        type: 3}
      propertyPath: m_Pivot.x
      value: 0
      objectReference: {fileID: 0}
    - target: {fileID: 224398960782878844, guid: 9982b1a249d7f184e80b55ce8c6a127c,
        type: 3}
      propertyPath: m_Pivot.y
      value: 0
      objectReference: {fileID: 0}
    m_RemovedComponents: []
  m_SourcePrefab: {fileID: 100100000, guid: 9982b1a249d7f184e80b55ce8c6a127c, type: 3}
--- !u!1001 &608075552
PrefabInstance:
  m_ObjectHideFlags: 0
  serializedVersion: 2
  m_Modification:
    m_TransformParent: {fileID: 1638007554}
    m_Modifications:
    - target: {fileID: 1814736169453246, guid: 0cc6f11f9bb0c124c88e4b07825ef4a4, type: 3}
      propertyPath: m_Name
      value: InvisibleWall3
      objectReference: {fileID: 0}
    - target: {fileID: 4899764185412724, guid: 0cc6f11f9bb0c124c88e4b07825ef4a4, type: 3}
      propertyPath: m_LocalPosition.x
      value: 3.2258594
      objectReference: {fileID: 0}
    - target: {fileID: 4899764185412724, guid: 0cc6f11f9bb0c124c88e4b07825ef4a4, type: 3}
      propertyPath: m_LocalPosition.y
      value: 2.2713134
      objectReference: {fileID: 0}
    - target: {fileID: 4899764185412724, guid: 0cc6f11f9bb0c124c88e4b07825ef4a4, type: 3}
      propertyPath: m_LocalPosition.z
      value: -2.41
      objectReference: {fileID: 0}
    - target: {fileID: 4899764185412724, guid: 0cc6f11f9bb0c124c88e4b07825ef4a4, type: 3}
      propertyPath: m_LocalRotation.x
      value: 0.7071068
      objectReference: {fileID: 0}
    - target: {fileID: 4899764185412724, guid: 0cc6f11f9bb0c124c88e4b07825ef4a4, type: 3}
      propertyPath: m_LocalRotation.y
      value: 0.00000002980233
      objectReference: {fileID: 0}
    - target: {fileID: 4899764185412724, guid: 0cc6f11f9bb0c124c88e4b07825ef4a4, type: 3}
      propertyPath: m_LocalRotation.z
      value: 0.00000002980233
      objectReference: {fileID: 0}
    - target: {fileID: 4899764185412724, guid: 0cc6f11f9bb0c124c88e4b07825ef4a4, type: 3}
      propertyPath: m_LocalRotation.w
      value: 0.7071068
      objectReference: {fileID: 0}
    - target: {fileID: 4899764185412724, guid: 0cc6f11f9bb0c124c88e4b07825ef4a4, type: 3}
      propertyPath: m_RootOrder
      value: 2
      objectReference: {fileID: 0}
    - target: {fileID: 4899764185412724, guid: 0cc6f11f9bb0c124c88e4b07825ef4a4, type: 3}
      propertyPath: m_LocalScale.x
      value: 2
      objectReference: {fileID: 0}
    - target: {fileID: 4899764185412724, guid: 0cc6f11f9bb0c124c88e4b07825ef4a4, type: 3}
      propertyPath: m_LocalScale.z
      value: 1
      objectReference: {fileID: 0}
    - target: {fileID: 4899764185412724, guid: 0cc6f11f9bb0c124c88e4b07825ef4a4, type: 3}
      propertyPath: m_LocalEulerAnglesHint.y
      value: 270
      objectReference: {fileID: 0}
    - target: {fileID: 4899764185412724, guid: 0cc6f11f9bb0c124c88e4b07825ef4a4, type: 3}
      propertyPath: m_LocalScale.y
      value: 2.1498995
      objectReference: {fileID: 0}
    - target: {fileID: 23422994941420866, guid: 0cc6f11f9bb0c124c88e4b07825ef4a4,
        type: 3}
      propertyPath: m_Materials.Array.data[0]
      value: 
      objectReference: {fileID: 10758, guid: 0000000000000000f000000000000000, type: 0}
    m_RemovedComponents: []
  m_SourcePrefab: {fileID: 100100000, guid: 0cc6f11f9bb0c124c88e4b07825ef4a4, type: 3}
--- !u!4 &608075553 stripped
Transform:
  m_CorrespondingSourceObject: {fileID: 4899764185412724, guid: 0cc6f11f9bb0c124c88e4b07825ef4a4,
    type: 3}
  m_PrefabInstance: {fileID: 608075552}
  m_PrefabAsset: {fileID: 0}
--- !u!1 &705744046
GameObject:
  m_ObjectHideFlags: 0
  m_CorrespondingSourceObject: {fileID: 0}
  m_PrefabInstance: {fileID: 0}
  m_PrefabAsset: {fileID: 0}
  serializedVersion: 6
  m_Component:
  - component: {fileID: 705744047}
  m_Layer: 0
  m_Name: DoorWithAdjacentWalls
  m_TagString: Untagged
  m_Icon: {fileID: 0}
  m_NavMeshLayer: 0
  m_StaticEditorFlags: 0
  m_IsActive: 1
--- !u!4 &705744047
Transform:
  m_ObjectHideFlags: 0
  m_CorrespondingSourceObject: {fileID: 0}
  m_PrefabInstance: {fileID: 0}
  m_PrefabAsset: {fileID: 0}
  m_GameObject: {fileID: 705744046}
  m_LocalRotation: {x: 0, y: 0, z: 0, w: 1}
  m_LocalPosition: {x: -0.36467773, y: 1.53125, z: 5.76}
  m_LocalScale: {x: 1, y: 1, z: 1}
  m_Children:
  - {fileID: 1532938633}
  - {fileID: 1946380412}
  - {fileID: 565759730}
  - {fileID: 2056407927}
  - {fileID: 1478118125}
  - {fileID: 555246037}
  m_Father: {fileID: 0}
  m_RootOrder: 6
  m_LocalEulerAnglesHint: {x: 0, y: 0, z: 0}
--- !u!1001 &792651960
PrefabInstance:
  m_ObjectHideFlags: 0
  serializedVersion: 2
  m_Modification:
    m_TransformParent: {fileID: 0}
    m_Modifications:
    - target: {fileID: 114016626206758268, guid: 1399a0f773bdda54d93a5158713b0a98,
        type: 3}
      propertyPath: targets.Array.size
      value: 1
      objectReference: {fileID: 0}
    - target: {fileID: 114016626206758268, guid: 1399a0f773bdda54d93a5158713b0a98,
        type: 3}
      propertyPath: targets.Array.data[0]
      value: 
      objectReference: {fileID: 418085160}
    - target: {fileID: 114016626206758268, guid: 1399a0f773bdda54d93a5158713b0a98,
        type: 3}
      propertyPath: minSize
      value: 4
      objectReference: {fileID: 0}
    - target: {fileID: 4125776013815300, guid: 1399a0f773bdda54d93a5158713b0a98, type: 3}
      propertyPath: m_LocalPosition.x
      value: 0
      objectReference: {fileID: 0}
    - target: {fileID: 4125776013815300, guid: 1399a0f773bdda54d93a5158713b0a98, type: 3}
      propertyPath: m_LocalPosition.y
      value: 0
      objectReference: {fileID: 0}
    - target: {fileID: 4125776013815300, guid: 1399a0f773bdda54d93a5158713b0a98, type: 3}
      propertyPath: m_LocalPosition.z
      value: 0
      objectReference: {fileID: 0}
    - target: {fileID: 4125776013815300, guid: 1399a0f773bdda54d93a5158713b0a98, type: 3}
      propertyPath: m_LocalRotation.x
      value: 0.27781588
      objectReference: {fileID: 0}
    - target: {fileID: 4125776013815300, guid: 1399a0f773bdda54d93a5158713b0a98, type: 3}
      propertyPath: m_LocalRotation.y
      value: -0.36497167
      objectReference: {fileID: 0}
    - target: {fileID: 4125776013815300, guid: 1399a0f773bdda54d93a5158713b0a98, type: 3}
      propertyPath: m_LocalRotation.z
      value: 0.1150751
      objectReference: {fileID: 0}
    - target: {fileID: 4125776013815300, guid: 1399a0f773bdda54d93a5158713b0a98, type: 3}
      propertyPath: m_LocalRotation.w
      value: 0.8811196
      objectReference: {fileID: 0}
    - target: {fileID: 4125776013815300, guid: 1399a0f773bdda54d93a5158713b0a98, type: 3}
      propertyPath: m_RootOrder
      value: 2
      objectReference: {fileID: 0}
    - target: {fileID: 4255235889009572, guid: 1399a0f773bdda54d93a5158713b0a98, type: 3}
      propertyPath: m_LocalPosition.z
      value: -26.39
      objectReference: {fileID: 0}
    - target: {fileID: 4255235889009572, guid: 1399a0f773bdda54d93a5158713b0a98, type: 3}
      propertyPath: m_LocalPosition.x
      value: 0
      objectReference: {fileID: 0}
    - target: {fileID: 4255235889009572, guid: 1399a0f773bdda54d93a5158713b0a98, type: 3}
      propertyPath: m_LocalPosition.y
      value: 0
      objectReference: {fileID: 0}
    - target: {fileID: 20250917129194174, guid: 1399a0f773bdda54d93a5158713b0a98,
        type: 3}
      propertyPath: orthographic size
      value: 7
      objectReference: {fileID: 0}
    m_RemovedComponents: []
  m_SourcePrefab: {fileID: 100100000, guid: 1399a0f773bdda54d93a5158713b0a98, type: 3}
--- !u!1 &810561266
GameObject:
  m_ObjectHideFlags: 0
  m_CorrespondingSourceObject: {fileID: 0}
  m_PrefabInstance: {fileID: 0}
  m_PrefabAsset: {fileID: 0}
  serializedVersion: 6
  m_Component:
  - component: {fileID: 810561267}
  m_Layer: 0
  m_Name: Terrain
  m_TagString: Untagged
  m_Icon: {fileID: 0}
  m_NavMeshLayer: 0
  m_StaticEditorFlags: 0
  m_IsActive: 1
--- !u!4 &810561267
Transform:
  m_ObjectHideFlags: 0
  m_CorrespondingSourceObject: {fileID: 0}
  m_PrefabInstance: {fileID: 0}
  m_PrefabAsset: {fileID: 0}
  m_GameObject: {fileID: 810561266}
  m_LocalRotation: {x: 0, y: 0, z: 0, w: 1}
  m_LocalPosition: {x: -4.0058594, y: 1.5286865, z: -10.767578}
  m_LocalScale: {x: 1, y: 1, z: 1}
  m_Children:
  - {fileID: 1708228684}
  - {fileID: 1072859183}
  - {fileID: 1212316156}
  - {fileID: 1647979859}
  - {fileID: 432401821}
  m_Father: {fileID: 0}
  m_RootOrder: 5
  m_LocalEulerAnglesHint: {x: 0, y: 0, z: 0}
--- !u!1 &1072859179
GameObject:
  m_ObjectHideFlags: 0
  m_CorrespondingSourceObject: {fileID: 0}
  m_PrefabInstance: {fileID: 0}
  m_PrefabAsset: {fileID: 0}
  serializedVersion: 6
  m_Component:
  - component: {fileID: 1072859183}
  - component: {fileID: 1072859182}
  - component: {fileID: 1072859181}
  - component: {fileID: 1072859180}
  m_Layer: 0
  m_Name: Plane
  m_TagString: Untagged
  m_Icon: {fileID: 0}
  m_NavMeshLayer: 0
  m_StaticEditorFlags: 0
  m_IsActive: 1
--- !u!64 &1072859180
MeshCollider:
  m_ObjectHideFlags: 0
  m_CorrespondingSourceObject: {fileID: 0}
  m_PrefabInstance: {fileID: 0}
  m_PrefabAsset: {fileID: 0}
  m_GameObject: {fileID: 1072859179}
  m_Material: {fileID: 0}
  m_IsTrigger: 0
  m_Enabled: 1
  serializedVersion: 3
  m_Convex: 0
  m_CookingOptions: 14
  m_Mesh: {fileID: 10209, guid: 0000000000000000e000000000000000, type: 0}
--- !u!23 &1072859181
MeshRenderer:
  m_ObjectHideFlags: 0
  m_CorrespondingSourceObject: {fileID: 0}
  m_PrefabInstance: {fileID: 0}
  m_PrefabAsset: {fileID: 0}
  m_GameObject: {fileID: 1072859179}
  m_Enabled: 1
  m_CastShadows: 1
  m_ReceiveShadows: 1
  m_DynamicOccludee: 1
  m_MotionVectors: 1
  m_LightProbeUsage: 1
  m_ReflectionProbeUsage: 1
  m_RenderingLayerMask: 4294967295
  m_RendererPriority: 0
  m_Materials:
  - {fileID: 2100000, guid: 8da97424e58415a4e890fc205edd7834, type: 2}
  m_StaticBatchInfo:
    firstSubMesh: 0
    subMeshCount: 0
  m_StaticBatchRoot: {fileID: 0}
  m_ProbeAnchor: {fileID: 0}
  m_LightProbeVolumeOverride: {fileID: 0}
  m_ScaleInLightmap: 1
  m_PreserveUVs: 0
  m_IgnoreNormalsForChartDetection: 0
  m_ImportantGI: 0
  m_StitchLightmapSeams: 0
  m_SelectedEditorRenderState: 3
  m_MinimumChartSize: 4
  m_AutoUVMaxDistance: 0.5
  m_AutoUVMaxAngle: 89
  m_LightmapParameters: {fileID: 0}
  m_SortingLayerID: 0
  m_SortingLayer: 0
  m_SortingOrder: 0
--- !u!33 &1072859182
MeshFilter:
  m_ObjectHideFlags: 0
  m_CorrespondingSourceObject: {fileID: 0}
  m_PrefabInstance: {fileID: 0}
  m_PrefabAsset: {fileID: 0}
  m_GameObject: {fileID: 1072859179}
  m_Mesh: {fileID: 10209, guid: 0000000000000000e000000000000000, type: 0}
--- !u!4 &1072859183
Transform:
  m_ObjectHideFlags: 0
  m_CorrespondingSourceObject: {fileID: 0}
  m_PrefabInstance: {fileID: 0}
  m_PrefabAsset: {fileID: 0}
  m_GameObject: {fileID: 1072859179}
  m_LocalRotation: {x: -0, y: -0, z: -0, w: 1}
  m_LocalPosition: {x: 1.6058593, y: -1.7286866, z: 8.3675785}
  m_LocalScale: {x: 5, y: 1, z: 5}
  m_Children: []
  m_Father: {fileID: 810561267}
  m_RootOrder: 1
  m_LocalEulerAnglesHint: {x: 0, y: 0, z: 0}
--- !u!1001 &1078757012
PrefabInstance:
  m_ObjectHideFlags: 0
  serializedVersion: 2
  m_Modification:
    m_TransformParent: {fileID: 0}
    m_Modifications:
    - target: {fileID: 4394229237989364, guid: ddaaf696728b08340b08f3511d406c11, type: 3}
      propertyPath: m_LocalPosition.x
      value: 0
      objectReference: {fileID: 0}
    - target: {fileID: 4394229237989364, guid: ddaaf696728b08340b08f3511d406c11, type: 3}
      propertyPath: m_LocalPosition.y
      value: 0
      objectReference: {fileID: 0}
    - target: {fileID: 4394229237989364, guid: ddaaf696728b08340b08f3511d406c11, type: 3}
      propertyPath: m_LocalPosition.z
      value: -5.44
      objectReference: {fileID: 0}
    - target: {fileID: 4394229237989364, guid: ddaaf696728b08340b08f3511d406c11, type: 3}
      propertyPath: m_LocalRotation.x
      value: 0
      objectReference: {fileID: 0}
    - target: {fileID: 4394229237989364, guid: ddaaf696728b08340b08f3511d406c11, type: 3}
      propertyPath: m_LocalRotation.y
      value: 0.7071068
      objectReference: {fileID: 0}
    - target: {fileID: 4394229237989364, guid: ddaaf696728b08340b08f3511d406c11, type: 3}
      propertyPath: m_LocalRotation.z
      value: 0
      objectReference: {fileID: 0}
    - target: {fileID: 4394229237989364, guid: ddaaf696728b08340b08f3511d406c11, type: 3}
      propertyPath: m_LocalRotation.w
      value: 0.7071068
      objectReference: {fileID: 0}
    - target: {fileID: 4394229237989364, guid: ddaaf696728b08340b08f3511d406c11, type: 3}
      propertyPath: m_RootOrder
      value: 0
      objectReference: {fileID: 0}
    - target: {fileID: 4394229237989364, guid: ddaaf696728b08340b08f3511d406c11, type: 3}
      propertyPath: m_LocalEulerAnglesHint.y
      value: 90
      objectReference: {fileID: 0}
    - target: {fileID: 114724893309847270, guid: ddaaf696728b08340b08f3511d406c11,
        type: 3}
      propertyPath: stomachSound
      value: 
      objectReference: {fileID: 0}
    - target: {fileID: 114724893309847270, guid: ddaaf696728b08340b08f3511d406c11,
        type: 3}
      propertyPath: jumpSound
      value: 
      objectReference: {fileID: 8300000, guid: 199412e8978f3074c993ca99f2301748, type: 3}
    - target: {fileID: 114724893309847270, guid: ddaaf696728b08340b08f3511d406c11,
        type: 3}
      propertyPath: jumpHigh
      value: 400
      objectReference: {fileID: 0}
    - target: {fileID: 1905625249620924, guid: ddaaf696728b08340b08f3511d406c11, type: 3}
      propertyPath: m_IsActive
      value: 1
      objectReference: {fileID: 0}
    - target: {fileID: 82817347992431306, guid: ddaaf696728b08340b08f3511d406c11,
        type: 3}
      propertyPath: m_PlayOnAwake
      value: 0
      objectReference: {fileID: 0}
    - target: {fileID: 82817347992431306, guid: ddaaf696728b08340b08f3511d406c11,
        type: 3}
      propertyPath: m_Volume
      value: 0.7
      objectReference: {fileID: 0}
    - target: {fileID: 82817347992431306, guid: ddaaf696728b08340b08f3511d406c11,
        type: 3}
      propertyPath: panLevelCustomCurve.m_Curve.Array.data[0].value
      value: 0.2
      objectReference: {fileID: 0}
    - target: {fileID: 82817347992431306, guid: ddaaf696728b08340b08f3511d406c11,
        type: 3}
      propertyPath: BypassListenerEffects
      value: 0
      objectReference: {fileID: 0}
    - target: {fileID: 82817347992431306, guid: ddaaf696728b08340b08f3511d406c11,
        type: 3}
      propertyPath: BypassReverbZones
      value: 0
      objectReference: {fileID: 0}
    - target: {fileID: 4346004203201488, guid: ddaaf696728b08340b08f3511d406c11, type: 3}
      propertyPath: m_LocalPosition.x
      value: 0
      objectReference: {fileID: 0}
    - target: {fileID: 136401380216159080, guid: ddaaf696728b08340b08f3511d406c11,
        type: 3}
      propertyPath: m_Center.x
      value: 0
      objectReference: {fileID: 0}
    m_RemovedComponents: []
  m_SourcePrefab: {fileID: 100100000, guid: ddaaf696728b08340b08f3511d406c11, type: 3}
--- !u!1 &1162281626
GameObject:
  m_ObjectHideFlags: 0
  m_CorrespondingSourceObject: {fileID: 0}
  m_PrefabInstance: {fileID: 0}
  m_PrefabAsset: {fileID: 0}
  serializedVersion: 6
  m_Component:
  - component: {fileID: 1162281628}
  - component: {fileID: 1162281627}
  m_Layer: 0
  m_Name: Directional Light
  m_TagString: Untagged
  m_Icon: {fileID: 0}
  m_NavMeshLayer: 0
  m_StaticEditorFlags: 0
  m_IsActive: 1
--- !u!108 &1162281627
Light:
  m_ObjectHideFlags: 0
  m_CorrespondingSourceObject: {fileID: 0}
  m_PrefabInstance: {fileID: 0}
  m_PrefabAsset: {fileID: 0}
  m_GameObject: {fileID: 1162281626}
  m_Enabled: 1
  serializedVersion: 8
  m_Type: 1
  m_Color: {r: 1, g: 0.95686275, b: 0.8392157, a: 1}
  m_Intensity: 1
  m_Range: 10
  m_SpotAngle: 30
  m_CookieSize: 10
  m_Shadows:
    m_Type: 2
    m_Resolution: -1
    m_CustomResolution: -1
    m_Strength: 1
    m_Bias: 0.05
    m_NormalBias: 0.4
    m_NearPlane: 0.2
  m_Cookie: {fileID: 0}
  m_DrawHalo: 0
  m_Flare: {fileID: 0}
  m_RenderMode: 0
  m_CullingMask:
    serializedVersion: 2
    m_Bits: 4294967295
  m_Lightmapping: 4
  m_LightShadowCasterMode: 0
  m_AreaSize: {x: 1, y: 1}
  m_BounceIntensity: 1
  m_ColorTemperature: 6570
  m_UseColorTemperature: 0
  m_ShadowRadius: 0
  m_ShadowAngle: 0
--- !u!4 &1162281628
Transform:
  m_ObjectHideFlags: 0
  m_CorrespondingSourceObject: {fileID: 0}
  m_PrefabInstance: {fileID: 0}
  m_PrefabAsset: {fileID: 0}
  m_GameObject: {fileID: 1162281626}
  m_LocalRotation: {x: 0.40821788, y: -0.23456968, z: 0.10938163, w: 0.8754261}
  m_LocalPosition: {x: -2.4, y: 3, z: -2.4}
  m_LocalScale: {x: 1, y: 1, z: 1}
  m_Children: []
  m_Father: {fileID: 0}
  m_RootOrder: 3
  m_LocalEulerAnglesHint: {x: 50, y: -30, z: 0}
--- !u!1001 &1212316153
PrefabInstance:
  m_ObjectHideFlags: 0
  serializedVersion: 2
  m_Modification:
    m_TransformParent: {fileID: 810561267}
    m_Modifications:
    - target: {fileID: 100000, guid: e63e0a6bee54b9a4b839e12c106415d2, type: 3}
      propertyPath: m_Layer
      value: 0
      objectReference: {fileID: 0}
    - target: {fileID: 100000, guid: e63e0a6bee54b9a4b839e12c106415d2, type: 3}
      propertyPath: m_Name
      value: Terrain_8x8 (1)
      objectReference: {fileID: 0}
    - target: {fileID: 400000, guid: e63e0a6bee54b9a4b839e12c106415d2, type: 3}
      propertyPath: m_LocalPosition.x
      value: -0.7941408
      objectReference: {fileID: 0}
    - target: {fileID: 400000, guid: e63e0a6bee54b9a4b839e12c106415d2, type: 3}
      propertyPath: m_LocalPosition.y
      value: -1.5286865
      objectReference: {fileID: 0}
    - target: {fileID: 400000, guid: e63e0a6bee54b9a4b839e12c106415d2, type: 3}
      propertyPath: m_LocalPosition.z
      value: 10.767578
      objectReference: {fileID: 0}
    - target: {fileID: 400000, guid: e63e0a6bee54b9a4b839e12c106415d2, type: 3}
      propertyPath: m_LocalRotation.x
      value: 0.7071068
      objectReference: {fileID: 0}
    - target: {fileID: 400000, guid: e63e0a6bee54b9a4b839e12c106415d2, type: 3}
      propertyPath: m_LocalRotation.y
      value: -0
      objectReference: {fileID: 0}
    - target: {fileID: 400000, guid: e63e0a6bee54b9a4b839e12c106415d2, type: 3}
      propertyPath: m_LocalRotation.z
      value: -0
      objectReference: {fileID: 0}
    - target: {fileID: 400000, guid: e63e0a6bee54b9a4b839e12c106415d2, type: 3}
      propertyPath: m_LocalRotation.w
      value: -0.7071068
      objectReference: {fileID: 0}
    - target: {fileID: 400000, guid: e63e0a6bee54b9a4b839e12c106415d2, type: 3}
      propertyPath: m_RootOrder
      value: 2
      objectReference: {fileID: 0}
    - target: {fileID: 400000, guid: e63e0a6bee54b9a4b839e12c106415d2, type: 3}
      propertyPath: m_LocalEulerAnglesHint.y
      value: 0
      objectReference: {fileID: 0}
    - target: {fileID: 400000, guid: e63e0a6bee54b9a4b839e12c106415d2, type: 3}
      propertyPath: m_LocalEulerAnglesHint.x
      value: 270
      objectReference: {fileID: 0}
    - target: {fileID: 400000, guid: e63e0a6bee54b9a4b839e12c106415d2, type: 3}
      propertyPath: m_LocalScale.y
      value: 1
      objectReference: {fileID: 0}
    - target: {fileID: 400000, guid: e63e0a6bee54b9a4b839e12c106415d2, type: 3}
      propertyPath: m_LocalScale.z
      value: 1
      objectReference: {fileID: 0}
    - target: {fileID: 2300000, guid: e63e0a6bee54b9a4b839e12c106415d2, type: 3}
      propertyPath: m_Materials.Array.data[0]
      value: 
      objectReference: {fileID: 15303, guid: 0000000000000000f000000000000000, type: 0}
    m_RemovedComponents: []
  m_SourcePrefab: {fileID: 100100000, guid: e63e0a6bee54b9a4b839e12c106415d2, type: 3}
--- !u!1 &1212316154 stripped
GameObject:
  m_CorrespondingSourceObject: {fileID: 100000, guid: e63e0a6bee54b9a4b839e12c106415d2,
    type: 3}
  m_PrefabInstance: {fileID: 1212316153}
  m_PrefabAsset: {fileID: 0}
--- !u!65 &1212316155
BoxCollider:
  m_ObjectHideFlags: 0
  m_CorrespondingSourceObject: {fileID: 0}
  m_PrefabInstance: {fileID: 0}
  m_PrefabAsset: {fileID: 0}
  m_GameObject: {fileID: 1212316154}
  m_Material: {fileID: 0}
  m_IsTrigger: 0
  m_Enabled: 1
  serializedVersion: 2
  m_Size: {x: 9.6, y: 9.600002, z: 1}
  m_Center: {x: 0, y: 0, z: -0.48}
--- !u!4 &1212316156 stripped
Transform:
  m_CorrespondingSourceObject: {fileID: 400000, guid: e63e0a6bee54b9a4b839e12c106415d2,
    type: 3}
  m_PrefabInstance: {fileID: 1212316153}
  m_PrefabAsset: {fileID: 0}
--- !u!1 &1269121211
GameObject:
  m_ObjectHideFlags: 0
  m_CorrespondingSourceObject: {fileID: 0}
  m_PrefabInstance: {fileID: 0}
  m_PrefabAsset: {fileID: 0}
  serializedVersion: 6
  m_Component:
  - component: {fileID: 1269121212}
  m_Layer: 0
  m_Name: Internal_Decorative_Elements
  m_TagString: Untagged
  m_Icon: {fileID: 0}
  m_NavMeshLayer: 0
  m_StaticEditorFlags: 0
  m_IsActive: 1
--- !u!4 &1269121212
Transform:
  m_ObjectHideFlags: 0
  m_CorrespondingSourceObject: {fileID: 0}
  m_PrefabInstance: {fileID: 0}
  m_PrefabAsset: {fileID: 0}
  m_GameObject: {fileID: 1269121211}
  m_LocalRotation: {x: 0, y: 0, z: 0, w: 1}
  m_LocalPosition: {x: 5.1176667, y: 0.78368366, z: -10.995945}
  m_LocalScale: {x: 1, y: 1, z: 1}
  m_Children: []
  m_Father: {fileID: 0}
  m_RootOrder: 8
  m_LocalEulerAnglesHint: {x: 0, y: 0, z: 0}
--- !u!1001 &1478118124
PrefabInstance:
  m_ObjectHideFlags: 0
  serializedVersion: 2
  m_Modification:
    m_TransformParent: {fileID: 705744047}
    m_Modifications:
    - target: {fileID: 1814736169453246, guid: 0cc6f11f9bb0c124c88e4b07825ef4a4, type: 3}
      propertyPath: m_Name
      value: InvisibleWallSideDoor2
      objectReference: {fileID: 0}
    - target: {fileID: 4899764185412724, guid: 0cc6f11f9bb0c124c88e4b07825ef4a4, type: 3}
      propertyPath: m_LocalPosition.x
      value: 6.8
      objectReference: {fileID: 0}
    - target: {fileID: 4899764185412724, guid: 0cc6f11f9bb0c124c88e4b07825ef4a4, type: 3}
      propertyPath: m_LocalPosition.y
      value: 0.32
      objectReference: {fileID: 0}
    - target: {fileID: 4899764185412724, guid: 0cc6f11f9bb0c124c88e4b07825ef4a4, type: 3}
      propertyPath: m_LocalPosition.z
      value: 0.776
      objectReference: {fileID: 0}
    - target: {fileID: 4899764185412724, guid: 0cc6f11f9bb0c124c88e4b07825ef4a4, type: 3}
      propertyPath: m_LocalRotation.x
      value: 0.7071068
      objectReference: {fileID: 0}
    - target: {fileID: 4899764185412724, guid: 0cc6f11f9bb0c124c88e4b07825ef4a4, type: 3}
      propertyPath: m_LocalRotation.y
      value: 0.00000002980233
      objectReference: {fileID: 0}
    - target: {fileID: 4899764185412724, guid: 0cc6f11f9bb0c124c88e4b07825ef4a4, type: 3}
      propertyPath: m_LocalRotation.z
      value: 0.00000002980233
      objectReference: {fileID: 0}
    - target: {fileID: 4899764185412724, guid: 0cc6f11f9bb0c124c88e4b07825ef4a4, type: 3}
      propertyPath: m_LocalRotation.w
      value: 0.7071068
      objectReference: {fileID: 0}
    - target: {fileID: 4899764185412724, guid: 0cc6f11f9bb0c124c88e4b07825ef4a4, type: 3}
      propertyPath: m_RootOrder
      value: 4
      objectReference: {fileID: 0}
    - target: {fileID: 4899764185412724, guid: 0cc6f11f9bb0c124c88e4b07825ef4a4, type: 3}
      propertyPath: m_LocalScale.x
      value: 1.3050001
      objectReference: {fileID: 0}
    - target: {fileID: 4899764185412724, guid: 0cc6f11f9bb0c124c88e4b07825ef4a4, type: 3}
      propertyPath: m_LocalScale.z
      value: 0.4000002
      objectReference: {fileID: 0}
    - target: {fileID: 4899764185412724, guid: 0cc6f11f9bb0c124c88e4b07825ef4a4, type: 3}
      propertyPath: m_LocalEulerAnglesHint.y
      value: 270
      objectReference: {fileID: 0}
    - target: {fileID: 4899764185412724, guid: 0cc6f11f9bb0c124c88e4b07825ef4a4, type: 3}
      propertyPath: m_LocalScale.y
      value: 5
      objectReference: {fileID: 0}
    m_RemovedComponents: []
  m_SourcePrefab: {fileID: 100100000, guid: 0cc6f11f9bb0c124c88e4b07825ef4a4, type: 3}
--- !u!4 &1478118125 stripped
Transform:
  m_CorrespondingSourceObject: {fileID: 4899764185412724, guid: 0cc6f11f9bb0c124c88e4b07825ef4a4,
    type: 3}
  m_PrefabInstance: {fileID: 1478118124}
  m_PrefabAsset: {fileID: 0}
--- !u!1001 &1532938632
PrefabInstance:
  m_ObjectHideFlags: 0
  serializedVersion: 2
  m_Modification:
    m_TransformParent: {fileID: 705744047}
    m_Modifications:
    - target: {fileID: 4372316631940466, guid: 580ce1dbec7df494e8f30f35090ac63d, type: 3}
      propertyPath: m_LocalPosition.x
      value: 0.88
      objectReference: {fileID: 0}
    - target: {fileID: 4372316631940466, guid: 580ce1dbec7df494e8f30f35090ac63d, type: 3}
      propertyPath: m_LocalPosition.y
      value: -0.12
      objectReference: {fileID: 0}
    - target: {fileID: 4372316631940466, guid: 580ce1dbec7df494e8f30f35090ac63d, type: 3}
      propertyPath: m_LocalPosition.z
      value: 4.5
      objectReference: {fileID: 0}
    - target: {fileID: 4372316631940466, guid: 580ce1dbec7df494e8f30f35090ac63d, type: 3}
      propertyPath: m_LocalRotation.x
      value: -0.7071068
      objectReference: {fileID: 0}
    - target: {fileID: 4372316631940466, guid: 580ce1dbec7df494e8f30f35090ac63d, type: 3}
      propertyPath: m_LocalRotation.y
      value: 0
      objectReference: {fileID: 0}
    - target: {fileID: 4372316631940466, guid: 580ce1dbec7df494e8f30f35090ac63d, type: 3}
      propertyPath: m_LocalRotation.z
      value: -0
      objectReference: {fileID: 0}
    - target: {fileID: 4372316631940466, guid: 580ce1dbec7df494e8f30f35090ac63d, type: 3}
      propertyPath: m_LocalRotation.w
      value: 0.7071068
      objectReference: {fileID: 0}
    - target: {fileID: 4372316631940466, guid: 580ce1dbec7df494e8f30f35090ac63d, type: 3}
      propertyPath: m_RootOrder
      value: 1
      objectReference: {fileID: 0}
    - target: {fileID: 4554782073770598, guid: 580ce1dbec7df494e8f30f35090ac63d, type: 3}
      propertyPath: m_RootOrder
      value: 0
      objectReference: {fileID: 0}
    - target: {fileID: 4554782073770598, guid: 580ce1dbec7df494e8f30f35090ac63d, type: 3}
      propertyPath: m_LocalPosition.y
      value: -1.52
      objectReference: {fileID: 0}
    - target: {fileID: 4554782073770598, guid: 580ce1dbec7df494e8f30f35090ac63d, type: 3}
      propertyPath: m_LocalPosition.x
      value: -0.23000002
      objectReference: {fileID: 0}
    - target: {fileID: 4554782073770598, guid: 580ce1dbec7df494e8f30f35090ac63d, type: 3}
      propertyPath: m_LocalPosition.z
      value: -1.6169999
      objectReference: {fileID: 0}
    - target: {fileID: 4554782073770598, guid: 580ce1dbec7df494e8f30f35090ac63d, type: 3}
      propertyPath: m_LocalRotation.y
      value: -0
      objectReference: {fileID: 0}
    - target: {fileID: 4554782073770598, guid: 580ce1dbec7df494e8f30f35090ac63d, type: 3}
      propertyPath: m_LocalRotation.z
      value: -0
      objectReference: {fileID: 0}
    m_RemovedComponents: []
  m_SourcePrefab: {fileID: 100100000, guid: 580ce1dbec7df494e8f30f35090ac63d, type: 3}
--- !u!4 &1532938633 stripped
Transform:
  m_CorrespondingSourceObject: {fileID: 4554782073770598, guid: 580ce1dbec7df494e8f30f35090ac63d,
    type: 3}
  m_PrefabInstance: {fileID: 1532938632}
  m_PrefabAsset: {fileID: 0}
--- !u!1 &1577863172 stripped
GameObject:
  m_CorrespondingSourceObject: {fileID: 100000, guid: e63e0a6bee54b9a4b839e12c106415d2,
    type: 3}
  m_PrefabInstance: {fileID: 1708228683}
  m_PrefabAsset: {fileID: 0}
--- !u!65 &1577863177
BoxCollider:
  m_ObjectHideFlags: 0
  m_CorrespondingSourceObject: {fileID: 0}
  m_PrefabInstance: {fileID: 0}
  m_PrefabAsset: {fileID: 0}
  m_GameObject: {fileID: 1577863172}
  m_Material: {fileID: 0}
  m_IsTrigger: 0
  m_Enabled: 1
  serializedVersion: 2
  m_Size: {x: 9.6, y: 9.600002, z: 1}
  m_Center: {x: 0, y: 0, z: -0.48}
--- !u!1 &1638007553
GameObject:
  m_ObjectHideFlags: 0
  m_CorrespondingSourceObject: {fileID: 0}
  m_PrefabInstance: {fileID: 0}
  m_PrefabAsset: {fileID: 0}
  serializedVersion: 6
  m_Component:
  - component: {fileID: 1638007554}
  m_Layer: 0
  m_Name: InvisibleWalls
  m_TagString: Untagged
  m_Icon: {fileID: 0}
  m_NavMeshLayer: 0
  m_StaticEditorFlags: 0
  m_IsActive: 1
--- !u!4 &1638007554
Transform:
  m_ObjectHideFlags: 0
  m_CorrespondingSourceObject: {fileID: 0}
  m_PrefabInstance: {fileID: 0}
  m_PrefabAsset: {fileID: 0}
  m_GameObject: {fileID: 1638007553}
  m_LocalRotation: {x: 0, y: 0, z: 0, w: 1}
  m_LocalPosition: {x: -4.0058594, y: 1.5286865, z: -10.767578}
  m_LocalScale: {x: 1, y: 1, z: 1}
  m_Children:
  - {fileID: 400309297}
  - {fileID: 1691047470}
  - {fileID: 608075553}
  m_Father: {fileID: 0}
  m_RootOrder: 4
  m_LocalEulerAnglesHint: {x: 0, y: 0, z: 0}
--- !u!1001 &1647979856
PrefabInstance:
  m_ObjectHideFlags: 0
  serializedVersion: 2
  m_Modification:
    m_TransformParent: {fileID: 810561267}
    m_Modifications:
    - target: {fileID: 100000, guid: e63e0a6bee54b9a4b839e12c106415d2, type: 3}
      propertyPath: m_Layer
      value: 0
      objectReference: {fileID: 0}
    - target: {fileID: 100000, guid: e63e0a6bee54b9a4b839e12c106415d2, type: 3}
      propertyPath: m_Name
      value: Terrain_8x8 (3)
      objectReference: {fileID: 0}
    - target: {fileID: 400000, guid: e63e0a6bee54b9a4b839e12c106415d2, type: 3}
      propertyPath: m_LocalPosition.x
      value: -0.7941408
      objectReference: {fileID: 0}
    - target: {fileID: 400000, guid: e63e0a6bee54b9a4b839e12c106415d2, type: 3}
      propertyPath: m_LocalPosition.y
      value: -1.5286865
      objectReference: {fileID: 0}
    - target: {fileID: 400000, guid: e63e0a6bee54b9a4b839e12c106415d2, type: 3}
      propertyPath: m_LocalPosition.z
      value: 2.7595778
      objectReference: {fileID: 0}
    - target: {fileID: 400000, guid: e63e0a6bee54b9a4b839e12c106415d2, type: 3}
      propertyPath: m_LocalRotation.x
      value: 0.7071068
      objectReference: {fileID: 0}
    - target: {fileID: 400000, guid: e63e0a6bee54b9a4b839e12c106415d2, type: 3}
      propertyPath: m_LocalRotation.y
      value: -0
      objectReference: {fileID: 0}
    - target: {fileID: 400000, guid: e63e0a6bee54b9a4b839e12c106415d2, type: 3}
      propertyPath: m_LocalRotation.z
      value: -0
      objectReference: {fileID: 0}
    - target: {fileID: 400000, guid: e63e0a6bee54b9a4b839e12c106415d2, type: 3}
      propertyPath: m_LocalRotation.w
      value: -0.7071068
      objectReference: {fileID: 0}
    - target: {fileID: 400000, guid: e63e0a6bee54b9a4b839e12c106415d2, type: 3}
      propertyPath: m_RootOrder
      value: 3
      objectReference: {fileID: 0}
    - target: {fileID: 400000, guid: e63e0a6bee54b9a4b839e12c106415d2, type: 3}
      propertyPath: m_LocalEulerAnglesHint.y
      value: 0
      objectReference: {fileID: 0}
    - target: {fileID: 400000, guid: e63e0a6bee54b9a4b839e12c106415d2, type: 3}
      propertyPath: m_LocalEulerAnglesHint.x
      value: 270
      objectReference: {fileID: 0}
    - target: {fileID: 400000, guid: e63e0a6bee54b9a4b839e12c106415d2, type: 3}
      propertyPath: m_LocalScale.y
      value: 1
      objectReference: {fileID: 0}
    - target: {fileID: 400000, guid: e63e0a6bee54b9a4b839e12c106415d2, type: 3}
      propertyPath: m_LocalScale.z
      value: 1
      objectReference: {fileID: 0}
    - target: {fileID: 2300000, guid: e63e0a6bee54b9a4b839e12c106415d2, type: 3}
      propertyPath: m_Materials.Array.data[0]
      value: 
      objectReference: {fileID: 15303, guid: 0000000000000000f000000000000000, type: 0}
    m_RemovedComponents: []
  m_SourcePrefab: {fileID: 100100000, guid: e63e0a6bee54b9a4b839e12c106415d2, type: 3}
--- !u!1 &1647979857 stripped
GameObject:
  m_CorrespondingSourceObject: {fileID: 100000, guid: e63e0a6bee54b9a4b839e12c106415d2,
    type: 3}
  m_PrefabInstance: {fileID: 1647979856}
  m_PrefabAsset: {fileID: 0}
--- !u!65 &1647979858
BoxCollider:
  m_ObjectHideFlags: 0
  m_CorrespondingSourceObject: {fileID: 0}
  m_PrefabInstance: {fileID: 0}
  m_PrefabAsset: {fileID: 0}
  m_GameObject: {fileID: 1647979857}
  m_Material: {fileID: 0}
  m_IsTrigger: 0
  m_Enabled: 1
  serializedVersion: 2
  m_Size: {x: 9.6, y: 9.600002, z: 1}
  m_Center: {x: 0, y: 0, z: -0.48}
--- !u!4 &1647979859 stripped
Transform:
  m_CorrespondingSourceObject: {fileID: 400000, guid: e63e0a6bee54b9a4b839e12c106415d2,
    type: 3}
  m_PrefabInstance: {fileID: 1647979856}
  m_PrefabAsset: {fileID: 0}
--- !u!1001 &1691047469
PrefabInstance:
  m_ObjectHideFlags: 0
  serializedVersion: 2
  m_Modification:
    m_TransformParent: {fileID: 1638007554}
    m_Modifications:
    - target: {fileID: 1814736169453246, guid: 0cc6f11f9bb0c124c88e4b07825ef4a4, type: 3}
      propertyPath: m_Name
      value: InvisibleWall2
      objectReference: {fileID: 0}
    - target: {fileID: 4899764185412724, guid: 0cc6f11f9bb0c124c88e4b07825ef4a4, type: 3}
      propertyPath: m_LocalPosition.x
      value: 12.39
      objectReference: {fileID: 0}
    - target: {fileID: 4899764185412724, guid: 0cc6f11f9bb0c124c88e4b07825ef4a4, type: 3}
      propertyPath: m_LocalPosition.y
      value: 2.27
      objectReference: {fileID: 0}
    - target: {fileID: 4899764185412724, guid: 0cc6f11f9bb0c124c88e4b07825ef4a4, type: 3}
      propertyPath: m_LocalPosition.z
      value: 7.1075783
      objectReference: {fileID: 0}
    - target: {fileID: 4899764185412724, guid: 0cc6f11f9bb0c124c88e4b07825ef4a4, type: 3}
      propertyPath: m_LocalRotation.x
      value: 0.5
      objectReference: {fileID: 0}
    - target: {fileID: 4899764185412724, guid: 0cc6f11f9bb0c124c88e4b07825ef4a4, type: 3}
      propertyPath: m_LocalRotation.y
      value: -0.5
      objectReference: {fileID: 0}
    - target: {fileID: 4899764185412724, guid: 0cc6f11f9bb0c124c88e4b07825ef4a4, type: 3}
      propertyPath: m_LocalRotation.z
      value: 0.50000006
      objectReference: {fileID: 0}
    - target: {fileID: 4899764185412724, guid: 0cc6f11f9bb0c124c88e4b07825ef4a4, type: 3}
      propertyPath: m_LocalRotation.w
      value: 0.50000006
      objectReference: {fileID: 0}
    - target: {fileID: 4899764185412724, guid: 0cc6f11f9bb0c124c88e4b07825ef4a4, type: 3}
      propertyPath: m_RootOrder
      value: 1
      objectReference: {fileID: 0}
    - target: {fileID: 4899764185412724, guid: 0cc6f11f9bb0c124c88e4b07825ef4a4, type: 3}
      propertyPath: m_LocalScale.x
      value: 2
      objectReference: {fileID: 0}
    - target: {fileID: 4899764185412724, guid: 0cc6f11f9bb0c124c88e4b07825ef4a4, type: 3}
      propertyPath: m_LocalScale.z
      value: 1
      objectReference: {fileID: 0}
    - target: {fileID: 4899764185412724, guid: 0cc6f11f9bb0c124c88e4b07825ef4a4, type: 3}
      propertyPath: m_LocalEulerAnglesHint.y
      value: 180
      objectReference: {fileID: 0}
    - target: {fileID: 4899764185412724, guid: 0cc6f11f9bb0c124c88e4b07825ef4a4, type: 3}
      propertyPath: m_LocalScale.y
      value: 2.149901
      objectReference: {fileID: 0}
    m_RemovedComponents: []
  m_SourcePrefab: {fileID: 100100000, guid: 0cc6f11f9bb0c124c88e4b07825ef4a4, type: 3}
--- !u!4 &1691047470 stripped
Transform:
  m_CorrespondingSourceObject: {fileID: 4899764185412724, guid: 0cc6f11f9bb0c124c88e4b07825ef4a4,
    type: 3}
  m_PrefabInstance: {fileID: 1691047469}
  m_PrefabAsset: {fileID: 0}
--- !u!1001 &1708228683
PrefabInstance:
  m_ObjectHideFlags: 0
  serializedVersion: 2
  m_Modification:
    m_TransformParent: {fileID: 810561267}
    m_Modifications:
    - target: {fileID: 100000, guid: e63e0a6bee54b9a4b839e12c106415d2, type: 3}
      propertyPath: m_Layer
      value: 0
      objectReference: {fileID: 0}
    - target: {fileID: 400000, guid: e63e0a6bee54b9a4b839e12c106415d2, type: 3}
      propertyPath: m_LocalPosition.x
      value: 7.205859
      objectReference: {fileID: 0}
    - target: {fileID: 400000, guid: e63e0a6bee54b9a4b839e12c106415d2, type: 3}
      propertyPath: m_LocalPosition.y
      value: -1.5286865
      objectReference: {fileID: 0}
    - target: {fileID: 400000, guid: e63e0a6bee54b9a4b839e12c106415d2, type: 3}
      propertyPath: m_LocalPosition.z
      value: 10.767578
      objectReference: {fileID: 0}
    - target: {fileID: 400000, guid: e63e0a6bee54b9a4b839e12c106415d2, type: 3}
      propertyPath: m_LocalRotation.x
      value: 0.7071068
      objectReference: {fileID: 0}
    - target: {fileID: 400000, guid: e63e0a6bee54b9a4b839e12c106415d2, type: 3}
      propertyPath: m_LocalRotation.y
      value: -0
      objectReference: {fileID: 0}
    - target: {fileID: 400000, guid: e63e0a6bee54b9a4b839e12c106415d2, type: 3}
      propertyPath: m_LocalRotation.z
      value: -0
      objectReference: {fileID: 0}
    - target: {fileID: 400000, guid: e63e0a6bee54b9a4b839e12c106415d2, type: 3}
      propertyPath: m_LocalRotation.w
      value: -0.7071068
      objectReference: {fileID: 0}
    - target: {fileID: 400000, guid: e63e0a6bee54b9a4b839e12c106415d2, type: 3}
      propertyPath: m_RootOrder
      value: 0
      objectReference: {fileID: 0}
    - target: {fileID: 400000, guid: e63e0a6bee54b9a4b839e12c106415d2, type: 3}
      propertyPath: m_LocalEulerAnglesHint.y
      value: 0
      objectReference: {fileID: 0}
    - target: {fileID: 400000, guid: e63e0a6bee54b9a4b839e12c106415d2, type: 3}
      propertyPath: m_LocalEulerAnglesHint.x
      value: 270
      objectReference: {fileID: 0}
    - target: {fileID: 400000, guid: e63e0a6bee54b9a4b839e12c106415d2, type: 3}
      propertyPath: m_LocalScale.y
      value: 1
      objectReference: {fileID: 0}
    - target: {fileID: 400000, guid: e63e0a6bee54b9a4b839e12c106415d2, type: 3}
      propertyPath: m_LocalScale.z
      value: 1
      objectReference: {fileID: 0}
    - target: {fileID: 2300000, guid: e63e0a6bee54b9a4b839e12c106415d2, type: 3}
      propertyPath: m_Materials.Array.data[0]
      value: 
      objectReference: {fileID: 15303, guid: 0000000000000000f000000000000000, type: 0}
    m_RemovedComponents: []
  m_SourcePrefab: {fileID: 100100000, guid: e63e0a6bee54b9a4b839e12c106415d2, type: 3}
--- !u!4 &1708228684 stripped
Transform:
  m_CorrespondingSourceObject: {fileID: 400000, guid: e63e0a6bee54b9a4b839e12c106415d2,
    type: 3}
  m_PrefabInstance: {fileID: 1708228683}
  m_PrefabAsset: {fileID: 0}
--- !u!1001 &1946380411
PrefabInstance:
  m_ObjectHideFlags: 0
  serializedVersion: 2
  m_Modification:
    m_TransformParent: {fileID: 705744047}
    m_Modifications:
    - target: {fileID: 1814736169453246, guid: 0cc6f11f9bb0c124c88e4b07825ef4a4, type: 3}
      propertyPath: m_Name
      value: InvisibleWallBackDoor
      objectReference: {fileID: 0}
    - target: {fileID: 4899764185412724, guid: 0cc6f11f9bb0c124c88e4b07825ef4a4, type: 3}
      propertyPath: m_LocalPosition.x
      value: -0.37
      objectReference: {fileID: 0}
    - target: {fileID: 4899764185412724, guid: 0cc6f11f9bb0c124c88e4b07825ef4a4, type: 3}
      propertyPath: m_LocalPosition.y
      value: 3.12
      objectReference: {fileID: 0}
    - target: {fileID: 4899764185412724, guid: 0cc6f11f9bb0c124c88e4b07825ef4a4, type: 3}
      propertyPath: m_LocalPosition.z
      value: 4.32
      objectReference: {fileID: 0}
    - target: {fileID: 4899764185412724, guid: 0cc6f11f9bb0c124c88e4b07825ef4a4, type: 3}
      propertyPath: m_LocalRotation.x
      value: -0.00000002980233
      objectReference: {fileID: 0}
    - target: {fileID: 4899764185412724, guid: 0cc6f11f9bb0c124c88e4b07825ef4a4, type: 3}
      propertyPath: m_LocalRotation.y
      value: -0.7071068
      objectReference: {fileID: 0}
    - target: {fileID: 4899764185412724, guid: 0cc6f11f9bb0c124c88e4b07825ef4a4, type: 3}
      propertyPath: m_LocalRotation.z
      value: 0.7071068
      objectReference: {fileID: 0}
    - target: {fileID: 4899764185412724, guid: 0cc6f11f9bb0c124c88e4b07825ef4a4, type: 3}
      propertyPath: m_LocalRotation.w
      value: 0.00000002980233
      objectReference: {fileID: 0}
    - target: {fileID: 4899764185412724, guid: 0cc6f11f9bb0c124c88e4b07825ef4a4, type: 3}
      propertyPath: m_RootOrder
      value: 1
      objectReference: {fileID: 0}
    - target: {fileID: 4899764185412724, guid: 0cc6f11f9bb0c124c88e4b07825ef4a4, type: 3}
      propertyPath: m_LocalScale.x
      value: 2
      objectReference: {fileID: 0}
    - target: {fileID: 4899764185412724, guid: 0cc6f11f9bb0c124c88e4b07825ef4a4, type: 3}
      propertyPath: m_LocalScale.z
      value: 1
      objectReference: {fileID: 0}
    - target: {fileID: 4899764185412724, guid: 0cc6f11f9bb0c124c88e4b07825ef4a4, type: 3}
      propertyPath: m_LocalEulerAnglesHint.y
      value: 90
      objectReference: {fileID: 0}
    - target: {fileID: 4899764185412724, guid: 0cc6f11f9bb0c124c88e4b07825ef4a4, type: 3}
      propertyPath: m_LocalScale.y
      value: 2.1499004
      objectReference: {fileID: 0}
    m_RemovedComponents: []
  m_SourcePrefab: {fileID: 100100000, guid: 0cc6f11f9bb0c124c88e4b07825ef4a4, type: 3}
--- !u!4 &1946380412 stripped
Transform:
  m_CorrespondingSourceObject: {fileID: 4899764185412724, guid: 0cc6f11f9bb0c124c88e4b07825ef4a4,
    type: 3}
  m_PrefabInstance: {fileID: 1946380411}
  m_PrefabAsset: {fileID: 0}
--- !u!1001 &1999496505
PrefabInstance:
  m_ObjectHideFlags: 0
  serializedVersion: 2
  m_Modification:
    m_TransformParent: {fileID: 0}
    m_Modifications:
    - target: {fileID: 4665431733509612, guid: 76982fc638ec52b4b860e69f26413ad7, type: 3}
      propertyPath: m_LocalPosition.x
      value: -0.54
      objectReference: {fileID: 0}
    - target: {fileID: 4665431733509612, guid: 76982fc638ec52b4b860e69f26413ad7, type: 3}
      propertyPath: m_LocalPosition.y
      value: 0.5
      objectReference: {fileID: 0}
    - target: {fileID: 4665431733509612, guid: 76982fc638ec52b4b860e69f26413ad7, type: 3}
      propertyPath: m_LocalPosition.z
      value: -3.43
      objectReference: {fileID: 0}
    - target: {fileID: 4665431733509612, guid: 76982fc638ec52b4b860e69f26413ad7, type: 3}
      propertyPath: m_LocalRotation.x
      value: 0
      objectReference: {fileID: 0}
    - target: {fileID: 4665431733509612, guid: 76982fc638ec52b4b860e69f26413ad7, type: 3}
      propertyPath: m_LocalRotation.y
      value: 0
      objectReference: {fileID: 0}
    - target: {fileID: 4665431733509612, guid: 76982fc638ec52b4b860e69f26413ad7, type: 3}
      propertyPath: m_LocalRotation.z
      value: 0
      objectReference: {fileID: 0}
    - target: {fileID: 4665431733509612, guid: 76982fc638ec52b4b860e69f26413ad7, type: 3}
      propertyPath: m_LocalRotation.w
      value: 1
      objectReference: {fileID: 0}
    - target: {fileID: 4665431733509612, guid: 76982fc638ec52b4b860e69f26413ad7, type: 3}
      propertyPath: m_RootOrder
      value: 1
      objectReference: {fileID: 0}
    - target: {fileID: 4665431733509612, guid: 76982fc638ec52b4b860e69f26413ad7, type: 3}
      propertyPath: m_LocalScale.x
      value: 0.5
      objectReference: {fileID: 0}
    - target: {fileID: 4665431733509612, guid: 76982fc638ec52b4b860e69f26413ad7, type: 3}
      propertyPath: m_LocalScale.y
      value: 0.5
      objectReference: {fileID: 0}
    - target: {fileID: 4665431733509612, guid: 76982fc638ec52b4b860e69f26413ad7, type: 3}
      propertyPath: m_LocalScale.z
      value: 0.5
      objectReference: {fileID: 0}
    m_RemovedComponents: []
  m_SourcePrefab: {fileID: 100100000, guid: 76982fc638ec52b4b860e69f26413ad7, type: 3}
--- !u!1001 &2056407926
PrefabInstance:
  m_ObjectHideFlags: 0
  serializedVersion: 2
  m_Modification:
    m_TransformParent: {fileID: 705744047}
    m_Modifications:
    - target: {fileID: 1814736169453246, guid: 0cc6f11f9bb0c124c88e4b07825ef4a4, type: 3}
      propertyPath: m_Name
      value: InvisibleWallSideDoor1
      objectReference: {fileID: 0}
    - target: {fileID: 4899764185412724, guid: 0cc6f11f9bb0c124c88e4b07825ef4a4, type: 3}
      propertyPath: m_LocalPosition.x
      value: -8.24
      objectReference: {fileID: 0}
    - target: {fileID: 4899764185412724, guid: 0cc6f11f9bb0c124c88e4b07825ef4a4, type: 3}
      propertyPath: m_LocalPosition.y
      value: 0.3199997
      objectReference: {fileID: 0}
    - target: {fileID: 4899764185412724, guid: 0cc6f11f9bb0c124c88e4b07825ef4a4, type: 3}
      propertyPath: m_LocalPosition.z
      value: 0.776
      objectReference: {fileID: 0}
    - target: {fileID: 4899764185412724, guid: 0cc6f11f9bb0c124c88e4b07825ef4a4, type: 3}
      propertyPath: m_LocalRotation.x
      value: 0.7071068
      objectReference: {fileID: 0}
    - target: {fileID: 4899764185412724, guid: 0cc6f11f9bb0c124c88e4b07825ef4a4, type: 3}
      propertyPath: m_LocalRotation.y
      value: 0.00000002980233
      objectReference: {fileID: 0}
    - target: {fileID: 4899764185412724, guid: 0cc6f11f9bb0c124c88e4b07825ef4a4, type: 3}
      propertyPath: m_LocalRotation.z
      value: 0.00000002980233
      objectReference: {fileID: 0}
    - target: {fileID: 4899764185412724, guid: 0cc6f11f9bb0c124c88e4b07825ef4a4, type: 3}
      propertyPath: m_LocalRotation.w
      value: 0.7071068
      objectReference: {fileID: 0}
    - target: {fileID: 4899764185412724, guid: 0cc6f11f9bb0c124c88e4b07825ef4a4, type: 3}
      propertyPath: m_RootOrder
      value: 3
      objectReference: {fileID: 0}
    - target: {fileID: 4899764185412724, guid: 0cc6f11f9bb0c124c88e4b07825ef4a4, type: 3}
      propertyPath: m_LocalScale.x
      value: 1.5
      objectReference: {fileID: 0}
    - target: {fileID: 4899764185412724, guid: 0cc6f11f9bb0c124c88e4b07825ef4a4, type: 3}
      propertyPath: m_LocalScale.z
      value: 0.4000002
      objectReference: {fileID: 0}
    - target: {fileID: 4899764185412724, guid: 0cc6f11f9bb0c124c88e4b07825ef4a4, type: 3}
      propertyPath: m_LocalEulerAnglesHint.y
      value: 270
      objectReference: {fileID: 0}
    - target: {fileID: 4899764185412724, guid: 0cc6f11f9bb0c124c88e4b07825ef4a4, type: 3}
      propertyPath: m_LocalScale.y
      value: 5
      objectReference: {fileID: 0}
    m_RemovedComponents: []
  m_SourcePrefab: {fileID: 100100000, guid: 0cc6f11f9bb0c124c88e4b07825ef4a4, type: 3}
--- !u!4 &2056407927 stripped
Transform:
  m_CorrespondingSourceObject: {fileID: 4899764185412724, guid: 0cc6f11f9bb0c124c88e4b07825ef4a4,
    type: 3}
  m_PrefabInstance: {fileID: 2056407926}
  m_PrefabAsset: {fileID: 0}
